<?xml version="1.0" encoding="UTF-8"?><record xmlns="http://www.loc.gov/MARC21/slim" xmlns:cinclude="http://apache.org/cocoon/include/1.0" xmlns:zs="http://www.loc.gov/zing/srw/">
  <leader>00795cz  a2200181n  4500</leader>
  <controlfield tag="001">no2009173394</controlfield>
  <controlfield tag="003">DLC</controlfield>
  <controlfield tag="005">20150501074030.0</controlfield>
  <controlfield tag="008">091029n| azannaabn          |a aaa     c</controlfield>
  <datafield tag="010" ind1=" " ind2=" ">
    <subfield code="a">no2009173394</subfield>
  </datafield>
  <datafield tag="035" ind1=" " ind2=" ">
    <subfield code="a">(OCoLC)oca08288111</subfield>
  </datafield>
  <datafield tag="040" ind1=" " ind2=" ">
    <subfield code="a">CtY-Mus</subfield>
    <subfield code="b">eng</subfield>
    <subfield code="e">rda</subfield>
    <subfield code="c">CtY-Mus</subfield>
    <subfield code="d">DLC</subfield>
    <subfield code="d">IEN-Mu</subfield>
  </datafield>
  <datafield tag="046" ind1=" " ind2=" ">
    <subfield code="k">2009</subfield>
  </datafield>
  <datafield tag="100" ind1="1" ind2=" ">
    <subfield code="a">Shchedrin, Rodion Konstantinovich,</subfield>
    <subfield code="d">1932-</subfield>
    <subfield code="t">Prostye stranit︠s︡y</subfield>
  </datafield>
  <datafield tag="382" ind1="0" ind2=" ">
    <subfield code="a">piano</subfield>
    <subfield code="n">1</subfield>
    <subfield code="2">lcmpt</subfield>
  </datafield>
  <datafield tag="400" ind1="1" ind2=" ">
    <subfield code="a">Shchedrin, Rodion Konstantinovich,</subfield>
    <subfield code="d">1932-</subfield>
    <subfield code="t">Artless pages</subfield>
  </datafield>
  <datafield tag="400" ind1="1" ind2=" ">
    <subfield code="a">Shchedrin, Rodion Konstantinovich,</subfield>
    <subfield code="d">1932-</subfield>
    <subfield code="t">Einfache Blätter</subfield>
  </datafield>
  <datafield tag="670" ind1=" " ind2=" ">
    <subfield code="a">Shchedrin, R.K. Prostye stranit︠s︡y, c2009:</subfield>
    <subfield code="b">t.p. (Prostye stranit︠s︡y : semʹ ėkspromtov dli︠a︡ fortepiano = Artless pages : 7 impromptus for piano = Einfache Blätter : 7 Impromptus für Klavier : (2009))</subfield>
  </datafield>
</record>